@misc{saxena2020epie,
      title={EPIE Dataset: A Corpus For Possible Idiomatic Expressions},
      author={Prateek Saxena and Soma Paul},
      year={2020},
      eprint={2006.09479},
      archivePrefix={arXiv},
      primaryClass={cs.CL}
}
@inproceedings{agrawal-etal-2018-beating,
    title = "No more beating about the bush : A Step towards Idiom Handling for {I}ndian Language {NLP}",
    author = "Agrawal, Ruchit  and
      Chenthil Kumar, Vighnesh  and
      Muralidharan, Vigneshwaran  and
      Sharma, Dipti",
    editor = "Calzolari, Nicoletta  and
      Choukri, Khalid  and
      Cieri, Christopher  and
      Declerck, Thierry  and
      Goggi, Sara  and
      Hasida, Koiti  and
      Isahara, Hitoshi  and
      Maegaard, Bente  and
      Mariani, Joseph  and
      Mazo, H{\'e}l{\`e}ne  and
      Moreno, Asuncion  and
      Odijk, Jan  and
      Piperidis, Stelios  and
      Tokunaga, Takenobu",
    booktitle = "Proceedings of the Eleventh International Conference on Language Resources and Evaluation ({LREC} 2018)",
    month = may,
    year = "2018",
    address = "Miyazaki, Japan",
    publisher = "European Language Resources Association (ELRA)",
    url = "https://aclanthology.org/L18-1048",
}
@inproceedings{wible-tsao-2010-stringnet,
    title = "{S}tring{N}et as a Computational Resource for Discovering and Investigating Linguistic Constructions",
    author = "Wible, David  and
      Tsao, Nai-Lung",
    editor = "Sahlgren, Magnus  and
      Knutsson, Ola",
    booktitle = "Proceedings of the {NAACL} {HLT} Workshop on Extracting and Using Constructions in Computational Linguistics",
    month = jun,
    year = "2010",
    address = "Los Angeles, California",
    publisher = "Association for Computational Linguistics",
    url = "https://aclanthology.org/W10-0804",
    pages = "25--31",
}
